<record><leader>00000cas a22000007a 4500</leader><controlfield tag="001">7879415</controlfield><controlfield tag="008">811026d19811987iluen ne      0   a0eng d</controlfield><controlfield tag="009">467</controlfield><datafield ind1=" " ind2=" " tag="010"><subfield code="a">sn 81002182 </subfield></datafield><datafield ind1=" " ind2=" " tag="040"><subfield code="a">NSD</subfield><subfield code="b">eng</subfield><subfield code="c">NSD</subfield><subfield code="d">MQN</subfield><subfield code="d">OCLCQ</subfield><subfield code="d">OCLCF</subfield><subfield code="d">OCLCO</subfield></datafield><datafield ind1=" " ind2=" " tag="012"><subfield code="j">0</subfield><subfield code="k">1</subfield><subfield code="m">1</subfield></datafield><datafield ind1="1" ind2=" " tag="022"><subfield code="a">0279-4462</subfield><subfield code="l">0279-4462</subfield><subfield code="2">1</subfield></datafield><datafield ind1="1" ind2=" " tag="029"><subfield code="a">AU@</subfield><subfield code="b">000024363550</subfield></datafield><datafield ind1=" " ind2=" " tag="032"><subfield code="a">011230</subfield><subfield code="b">USPS</subfield></datafield><datafield ind1=" " ind2=" " tag="042"><subfield code="a">nsdp</subfield></datafield><datafield ind1="0" ind2=" " tag="130"><subfield code="a">Lutheran perspective (Saint Louis, Mo.)</subfield></datafield><datafield ind1=" " ind2="0" tag="222"><subfield code="a">Lutheran perspective</subfield></datafield><datafield ind1="0" ind2="0" tag="245"><subfield code="a">Lutheran perspective.</subfield></datafield><datafield ind1=" " ind2=" " tag="260"><subfield code="a">[St. Louis, Mo. :</subfield><subfield code="b">Evangelical Lutherans in Mission],</subfield><subfield code="c">1981-1987.</subfield></datafield><datafield ind1=" " ind2=" " tag="310"><subfield code="a">Biweekly (except monthly, Jan., Apr. July-Aug. &amp; Dec.),</subfield><subfield code="b">&lt;Mar. 3, 1986-&gt;</subfield></datafield><datafield ind1=" " ind2=" " tag="321"><subfield code="a">Biweekly (except monthly in July, Aug., &amp; Dec.),</subfield><subfield code="b">Oct. 19, 1981-&lt;1985&gt;</subfield></datafield><datafield ind1="0" ind2=" " tag="362"><subfield code="a">Vol. 9, no. 1 (Oct. 19, 1981)- v. 14, no. 17 (Oct. 26, 1987).</subfield></datafield><datafield ind1=" " ind2=" " tag="500"><subfield code="a">Imprint varies: Chicago, IL, Feb. 17, 1986-</subfield></datafield><datafield ind1=" " ind2=" " tag="530"><subfield code="a">Available in microform from University Microfilm International.</subfield></datafield><datafield ind1=" " ind2=" " tag="550"><subfield code="a">Also published by: the Association of Evangelical Lutheran Churches, Apr. 14, 1986-</subfield></datafield><datafield ind1=" " ind2="0" tag="650"><subfield code="a">Lutheran Church</subfield><subfield code="v">Newspapers.</subfield></datafield><datafield ind1=" " ind2="7" tag="655"><subfield code="a">Newspapers.</subfield><subfield code="2">fast</subfield><subfield code="0">(OCoLC)fst01423814</subfield></datafield><datafield ind1=" " ind2="7" tag="650"><subfield code="a">Lutheran Church.</subfield><subfield code="2">fast</subfield><subfield code="0">(OCoLC)fst01003996</subfield></datafield><datafield ind1="2" ind2=" " tag="710"><subfield code="a">Evangelical Lutherans in Mission.</subfield></datafield><datafield ind1="2" ind2=" " tag="710"><subfield code="a">Association of Evangelical Lutheran Churches (U.S.)</subfield></datafield><datafield ind1=" " ind2=" " tag="752"><subfield code="a">United States</subfield><subfield code="b">Missouri</subfield><subfield code="d">Saint Louis.</subfield></datafield><datafield ind1="0" ind2="0" tag="780"><subfield code="t">Missouri in perspective</subfield><subfield code="x">0194-9705</subfield><subfield code="w">(DLC)sn 79000643</subfield></datafield></record>